This file was created with JabRef 2.2.
Encoding: Cp1252

@MISC{wiwi07,
  author = {{www.wiwi-treff.de}},
  title = {Leitfaden Diplomarbeit},
  howpublished = {\url{http://www.wiwi-treff.de/home/index.php?mainkatid=2&sid=112&ukatid=2}
	(3.~} # apr # { 2007)},
  owner = {aubrey},
  timestamp = {2007.04.03},
  url = {http://www.wiwi-treff.de/home/index.php?mainkatid=2&sid=112&ukatid=2}
}

@MISC{arbeitszeugnis,
  author = {Bernd Bachmann},
  title = {Das Arbeitszeugnis},
  note = {http://www.bachmann-berlin.de/arbeitszeugnis.htm (20. Nov. 2006)}
}

@BOOK{netzwerke,
  title = {Netzwerke: Eine Einführung aus kommerzieller und technischer Sicht},
  publisher = {R.v.Decker (net-Buch Telekommunikation},
  year = {1991},
  author = {Baer, Bernhard und Pinegger, Thomas},
  isbn = {3-7685-1091-3}
}

@INPROCEEDINGS{westf1,
  author = {Rainer Baumgart and Kai Rannenberg and Dieter Wähner and Gerhard
	Weck and Andreas Westfeld},
  title = {Angriffe auf steganographische Systeme},
  booktitle = {Verläßliche Informationssysteme -- IT-Sicherheit an der Schwelle
	des neuen Jahrtausends},
  year = {1999},
  pages = {263--286},
  publisher = {DuD-Fachbeiträge, Vieweg, Braunschweig/Wiesbaden},
  isbn = {3-528-05728-9},
  location = {GI-Fachtagung VIS 1999}
}

@MISC{hist1,
  author = {Jochen Baur and Christoph Gaertner, Mario Mlinar},
  title = {Geschichtlicher Überblick zur Steganographie},
  note = {http://www.it.fht-esslingen.de/\~{}schmidt/vorlesungen/kyptologie/seminar/ws9798/html/stega/stega-2.html
	(15. Nov. 2006)}
}

@ARTICLE{privat,
  author = {Holger Bleich},
  title = {Es geht um den Schutz der Privatsphäre},
  journal = {c't Magazin für Computer Technik},
  year = {2006},
  pages = {210--211},
  number = {24}
}

@MISC{boetzel,
  author = {Robert Breetzmann},
  title = {Die Methoden der Steganographie},
  note = {http://www-ivs.cs.uni-magdeburg.de/bs/lehre/wise0102/progb/vortraege/rbreetzmann/index.html
	(19. Nov. 2006)}
}

@MISC{arbeitszeugnis2,
  author = {Harald Bruning},
  title = {Das Arbeitszeugnis -- rechtliche Grundlagen und Zeugnisarten},
  note = {http://kulturberichte.de/Arbeitszeugnis.htm (20. Nov. 2006)}
}

@MISC{bsimix2,
  author = {BSI},
  title = {Anonymisierungsverfahren im Internet: Das MIX-Modell},
  note = {Bundesamt für Sicherheit in der Informationstechnik, http://www.bsi.de/literat/anonym/mixmodel.htm
	(05. Nov. 2006)}
}

@MISC{Boettcher2004,
  author = {Stefan Böttcher},
  title = {Diplomarbeit schreiben},
  howpublished = {\url{http://wwwcs.uni-paderborn.de/cs/ag-boettcher/diplomarbeiten/diplomarbeiten_schreiben.html}
	(3.~} # apr # { 2007)},
  month = {October},
  year = {2004},
  owner = {aubrey},
  timestamp = {2007.04.03}
}

@INPROCEEDINGS{terror,
  author = {Duncan Campbell },
  title = {Benutzen Terroristen versteckte Botschaften?},
  year = {2001},
  organization = {c't Computer Online Magazin},
  note = {URL: \url{http://www.heise.de/tp/r4/artikel/11/11005/1.html}}
}

@ARTICLE{huang,
  author = {F Cao and HK Huang and XQ Zhou},
  title = {Medical image security in a HIPAA mandated PACS environment},
  journal = {Computerized Medical Imaging and Graphics},
  year = {2003},
  volume = {185},
  number = {96}
}

@ARTICLE{mix,
  author = {David L. Chaum},
  title = {Untraceable electronic mail, return addresses, and digital pseudonyms},
  journal = {Commun. ACM},
  year = {1981},
  volume = {24},
  pages = {84--90},
  number = {2},
  address = {New York, NY, USA},
  doi = {http://doi.acm.org/10.1145/358549.358563},
  issn = {0001-0782},
  publisher = {ACM Press}
}

@MANUAL{digitalImages,
  title = {Multimediale Informationssysteme},
  author = {Christof Dallermassl and Denis Helic},
  year = {2003},
  school = {Technische Universität Graz}
}

@ARTICLE{kommunikationssicherheit,
  author = {Danisch, H.},
  title = {Entwurfskriterien und Methoden zur Erlangung von Kommunikationssicherheit},
  journal = {University of Karlsruhe},
  year = {1998},
  pages = {25}
}

@MISC{dante,
  author = {Dante},
  title = {{{DE-TeX-FAQ -- Fragen und Antworten über TeX, LaTeX und DANTE e.V.}}},
  howpublished = {\url{http://www.dante.de/faq/de-tex-faq/} (3.~} # apr # { 2007)},
  owner = {aubrey},
  timestamp = {2007.04.03},
  url = {http://www.dante.de/faq/de-tex-faq/}
}

@INCOLLECTION{spektrum,
  author = {Jana Dittmann and Elke Franz and Antje Schneidewind},
  title = {Steganographie und Wasserzeichen -- Aktueller Stand und neue Herausforderungen},
  booktitle = {Informatik -- Spektrum},
  publisher = {SpringerLink},
  year = {2005},
  volume = {28},
  number = {6},
  pages = {453--461},
  doi = {10.1007/s00287-005-0043-y},
  issn = {0001-0782},
  journal = {Informatik--Spektrum}
}

@INCOLLECTION{wasserz,
  author = {Jana Dittmann and Ralf Steinmetz},
  title = {Digitale Wasserzeichen},
  booktitle = {Informatik -- Spektrum},
  publisher = {SpringerLink},
  year = {2000},
  volume = {23},
  number = {1},
  pages = {47--50},
  doi = {10.1007/s002870050007},
  issn = {0170-6012 (Print) 1432-122X (Online)},
  journal = {Informatik--Spektrum}
}

@BOOK{eckert,
  title = {IT--Sicherheit, Konzepte -- Verfahren -- Protokolle},
  publisher = {Oldenbourg Wissenschaftsverlag GmbH},
  year = {2004},
  author = {Claudia Eckert},
  edition = {3. überarbeitete Auflage},
  isbn = {3-486-20000-3}
}

@ARTICLE{vertrKomm,
  author = {Hannes Federrath and Guntram Wicke},
  title = {Vertrauliche Kommunikation mit Steganographie},
  journal = {PIK, Praxis der Informationsverarbeitung und Kommunikation},
  year = {1997},
  volume = {20},
  number = {3}
}

@MISC{fitz,
  author = {Fitz and Kleta},
  title = {Einf{\"u}hrung von Latex - Einbinfung von Bildern},
  howpublished = {\url{http://www.fh-wedel.de/~fi/latex/bilder/} (3.~} # apr # { 2007)},
  owner = {aubrey},
  timestamp = {2007.04.03},
  url = {{http://www.fh-wedel.de/~fi/latex/bilder/}}
}

@MASTERSTHESIS{brechtool,
  author = {Jörg Heßler},
  title = {Ein Tool zum Brechen steganographischer Algorithmen},
  school = {Technische Universität in Dresden},
  year = {1998},
  note = {Betreut durch Dipl.-Inform. Andreas Westfeld und Prof. Dr. A. Pfitzmann}
}

@BOOK{codebreakers,
  title = {The codebreakers: The Comprehensive History of Secret Communication
	from Ancient Times to the Internet},
  publisher = {Scribner Book Co},
  year = {1996},
  author = {David Kahn},
  isbn = {0-684-83130-9}
}

@ARTICLE{kerckhoff,
  author = {Auguste Kerckhoff},
  title = {Journal des sciences militaires: La cryptographie militaire},
  journal = {Fabien a. p. Petitcolas},
  year = {1883},
  volume = {9}
}

@MISC{domkrypto,
  author = {Prof. Dr. Bert-Jaap Koops},
  title = {Summary of international crypto controls},
  note = {http://rechten.uvt.nl/koops/cryptolaw/cls-sum.htm (05. Nov. 2006)}
}

@MISC{kraft06,
  author = {Heike Kraft},
  title = {Das Verfassen und Präsentieren wissentschaftlicher Arbeiten},
  howpublished = {\url{http://ddi.in.tum.de/fileadmin/material/Kraft/Anleitung-wiss-Arbeiten.pdf}
	(3.~} # apr # { 2007)},
  month = {06},
  year = {2006},
  owner = {aubrey},
  timestamp = {2007.04.10}
}

@INPROCEEDINGS{stegowlan,
  author = {Christian Krätzer and Jana Dittmann and Andreas Lang and Tobias Kühne},
  title = {WLAN steganography: a first practical review},
  booktitle = {MM\&Sec '06: Proceeding of the 8th workshop on Multimedia and security},
  year = {2006},
  pages = {17--22},
  address = {New York, NY, USA},
  publisher = {ACM Press},
  doi = {http://doi.acm.org/10.1145/1161366.1161371},
  isbn = {1-59593-493-6},
  location = {Geneva, Switzerland}
}

@INPROCEEDINGS{abmahnung2,
  author = {Volker König},
  title = {3 -- 2 -- 1 -- Abgemahnt!},
  year = {2006},
  month = {Januar},
  organization = {c't Computer Online Magazin},
  note = {http://www.heise.de/tp/r4/artikel/11/11005/1.html (12.11.2006)}
}

@TECHREPORT{medical,
  author = {Thomas M. Lehmann},
  title = {Digitale Wasserzeichen: Bilddaten sicher übertragen},
  institution = {Deutsches Ärzteblatt},
  year = {2004},
  note = {http://www.aerzteblatt.de/aufsaetze/0407 (09. Nov. 2006)}
}

@BOOK{wirelesslan,
  title = {Das Große Buch Wireless LAN},
  publisher = {Data Becker},
  year = {2002},
  author = {Lerg, Andreas und Stolz, Annette},
  isbn = {3-8158-2500-8}
}

@MISC{zinken2,
  author = {Guido Lorentz},
  title = {Gaunerzinken},
  note = {http://www.guidosworld.de/nachschlagen/ gauner/gaunerz3.html (19.
	Nov. 2006)}
}

@MISC{fisch,
  author = {Freie Baptisten Gemeinde Mannheim},
  title = {Was soll der Fisch},
  note = {http://www.fbg-ma.de/000000963f126f249/00000096be001f00d/index.html
	(19. Nov.2006)}
}

@MISC{latexcookbook,
  author = {{Markus.Porto - Uni Giessen}},
  title = {Kochbuch für Latex},
  howpublished = {\url{http://www.uni-giessen.de/hrz/tex/cookbook/cookbook.html} (3.~}
	# apr # { 2007)},
  owner = {aubrey},
  timestamp = {2007.04.03},
  url = {http://www.uni-giessen.de/hrz/tex/cookbook/cookbook.html}
}

@INPROCEEDINGS{capacity,
  author = {Ira S. Moskowitz and Richard E. Newman and Daniel P. Crepeau and
	Allen R. Miller},
  title = {Covert channels and anonymizing networks},
  booktitle = {WPES '03: Proceedings of the 2003 ACM workshop on Privacy in the
	electronic society},
  year = {2003},
  pages = {79--88},
  address = {New York, NY, USA},
  publisher = {ACM Press},
  doi = {http://doi.acm.org/10.1145/1005140.1005153},
  isbn = {1-58113-776-1},
  location = {Washington, DC}
}

@MISC{wahrnehmung,
  author = {Georg Peez and Michael Schacht},
  title = {Die eigene Wahrnehmung spüren},
  note = {http://www.georgpeez.de/texte/raetzpf.htm (20. Nov. 2006)}
}

@BOOKLET{Pfitzmann,
  title = {Sicherheit in Rechnernetzen},
  author = {Andreas Pfitzmann},
  year = {2000},
  note = {http://dud.inf.tu-dresden.de/\~{}pfitza/DSuKrypt.pdf (05. Nov. 2006)}
}

@TECHREPORT{microdots,
  author = {Marc de Piolenc},
  title = {How to make microdots},
  note = {http://autodidactics.archivale.com/Microdot/microdot.htm (19. Nov.
	2006)}
}

@MISC{geheimtinte,
  author = {Randolf Rehfeld},
  title = {Geheimtinte},
  note = {http://www.wundersamessammelsurium.de/ Chemisches/Tinte/index.html
	(19. Nov. 2006)}
}

@ARTICLE{Rueckemann:2001:actmap,
  author = {R{\"u}ckemann, C.-P.},
  title = {{A}ctive {M}ap {S}oftware},
  journal = {[Internet]},
  year = {2001},
  note = {URL: \url{http://wwwmath.uni-muenster.de/cs/u/ruckema}},
  language = {english}
}

@MASTERSTHESIS{untersuchung,
  author = {Frederik Röming},
  title = {Untersuchung zu Detektion von Steganographie in digitalen Bildern},
  school = {FH Brandenburg},
  year = {2003},
  note = {Betreut durch Dipl. Math. Helmut Schwigon und Prof. Dr. phil. Barbara
	Wiesner}
}

@MISC{schut07,
  author = {Martijn C. Schut},
  title = {Scientific Handbook for Simulation of Collective Intelligence},
  howpublished = {\url{http://www.sci-sci.org/}(3.~} # apr # { 2007)},
  month = {February},
  year = {2007},
  owner = {aubrey},
  timestamp = {2007.04.10}
}

@BOOK{stallings,
  title = {Sicherheit im Internet (Network Security Essentials. Aplications
	and Standards)},
  publisher = {Addison-Wesley},
  year = {2001},
  author = {William Stallings},
  isbn = {3-8273-1697-9}
}

@MISC{steurer,
  author = {Jürgen Steurer},
  title = {Proseminar zum Thema Steganographie},
  year = {2000},
  note = {http://wwwspies.in.tum.de/lehre/seminare/SS00/prosem/prosemkrypt.shtml
	(20. Nov. 2006)},
  organization = {Claudia Eckert}
}

@ARTICLE{strafverfolgung,
  author = {Marc Störing},
  title = {Im Visier der Strafverfolger},
  journal = {c't Magazin für Computer Technik},
  year = {2006},
  pages = {208--210},
  number = {24}
}

@BOOK{computernetzwerke,
  title = {Computernetzwerke},
  publisher = {Pearson Studium},
  year = {2003},
  author = {Andrew S. Tanenbaum},
  isbn = {3-8273-7046-9}
}

@INPROCEEDINGS{protocol,
  author = {Mercan Topkara and Umut Topkara and Mikhail J. Atallah and Cuneyt
	Taskiran and Eugene Lin and Edward J. Delp},
  title = {A hierarchical protocol for increasing the stealthiness of steganographic
	methods},
  booktitle = {MM\&Sec '04: Proceedings of the 2004 workshop on Multimedia and security},
  year = {2004},
  pages = {16--24},
  address = {New York, NY, USA},
  publisher = {ACM Press},
  doi = {http://doi.acm.org/10.1145/1022431.1022436},
  isbn = {1-58113-854-7},
  location = {Magdeburg, Germany}
}

@ARTICLE{warface,
  author = {Huaiqing Wang and Shuozhong Wang},
  title = {Cyber warfare: steganography vs. steganalysis},
  journal = {Commun. ACM},
  year = {2004},
  volume = {47},
  pages = {76--82},
  number = {10},
  address = {New York, NY, USA},
  doi = {http://doi.acm.org/10.1145/1022594.1022597},
  issn = {0001-0782},
  publisher = {ACM Press}
}

@MISC{latexindex,
  author = {Jürgen Weinelt},
  title = {{Der \LaTeX --Index - Eine Befehlsübersicht im World Wide Web}},
  howpublished = {\url{http://www.weinelt.de/latex/} (3.~} # apr # { 2007)},
  owner = {aubrey},
  timestamp = {2007.04.03},
  url = {http://www.weinelt.de/latex/}
}

@MANUAL{jap,
  title = {JAP Java Anon Proxy, Anonymity \& Privacy},
  organization = {Technische Universität in Dresden},
  note = {http://anon.inf.tu-dresden.de (05. Nov. 2006), Projekt Anonymität
	im Internet}
}

@TECHREPORT{asymm,
  title = {Steganografie},
  institution = {Wikipedia},
  year = {2006},
  note = {Online Enzyklopädie, http://de.wikipedia.org/wiki/Steganographie
	(19. Nov. 2006)}
}

@TECHREPORT{burschen,
  title = {Burschensprache},
  institution = {Wikipedia},
  year = {2006},
  note = {Online Enzyklopädie, http://de.wikipedia.org/wiki/Burschensprache
	(19. Nov. 2006)}
}

@TECHREPORT{kerckhoff2,
  title = {Kerckhoffs--Prinzip},
  institution = {Wikipedia},
  year = {2006},
  note = {Online Enzyklopädie, http://de.wikipedia.org/wiki/Kerckhoff-Prinzip
	(05. Nov. 2006)}
}

@INPROCEEDINGS{playboy,
  title = {Playboy to Digitally Watermark Online Images},
  year = {1997},
  month = {June},
  organization = {Digimarc (Press Releases)},
  note = {http://www.digimarc.com/media/release.asp?newsID=112 (12.11.2006)}
}

