@inproceedings{1,
	author = {Xia Liu, Kikuo Fujimura},
	title = {{Hand Gesture Recognition using Depth Data}},
	booktitle = {Proceedings of the Sixth IEEE International Conference on Automatic Face and Gesture Recognition},
	year = {2004}
}

@inproceedings{2,
	author = {Chang-Yi Kao, Chin-Shyurng Fahn},
	title = {{A Human-Machine Interaction Technique: Hand Gesture Recognition Based on Hidden Markov Models with Trajectory of Hand Motion}},
	booktitle = {Advanced in Control Engineering and Information Science},
	year = {2011},
	publisher = {Elsevier Ltd.}
}

@inproceedings{3,
	author = {Vladimir I. Pavlovic, Rajeev Sharma, Thomas S. Huang},
	title = {{Visual Interpretation of Hand Gestures for Human-Computer Interaction: A Review}},
	booktitle = {IEEE Transactions On Pattern Analysis And Machine Intelligence, Vol. 19, No. 7},
	year = {2007},
	publisher = {IEEE}
}

@inproceedings{4,
	author = {Loren Arthur Schwarz, Artashes Mkhitaryan, Diana Mateus, Nassir Navab},
	title = {{Human skeleton tracking from depth data using geodesic distances and optical flow}},
	booktitle = {Image and Vision Computing},
	year = {2011},
	publisher = {Elsevier Ltd.}
}

@inproceedings{5,
	author = {Feng-Sheng Chen, Chih-Ming Fu, Chung-Lin Huang},
	title = {{Hand gesture recognition using a real-time tracking method and hidden Markov models}},
	booktitle = {Image and Vision Computing},
	year = {2001},
	publisher = {Elsevier Ltd.}
}

@inproceedings{6,
	author = {Ho-Sub Yoon, Jung Soh, Younglae J. Bae, Hyun Seung Yang},
	title = {{Hand gesture recognition using combined features of location, angle and velocity}},
	booktitle = {Pattern Recognition},
	year = {1999},
	publisher = {Elsevier Science Ltd.}
}

@inproceedings{7,
	title = {{Human Robot Interaction}},
	publisher = {Wikipedia.og},
	doi = {http://en.wikipedia.org/wiki/Human-robot_interaction}
}

@inproceedings{8,
	title = {{iRobot Corporation: Our History}},
	publisher = {Irobot.com},
	doi = {http://www.irobot.com/About-iRobot.aspx}
}

@inproceedings{9,
	author = {Jonathan C. Hall},
	title = {{How to Do Gesture Recognition With Kinect Using Hidden Markov Models}},
	year = {2011},
	publisher = {creativedistraction.com},
	doi = {http://www.creativedistraction.com/demos/gesture-recognition-kinect-with-hidden-markov-models-hmms}
}