@misc{1,
	title = {Human Robot Interaction},
	note = {Wikipedia.org, http://en.wikipedia.org/wiki/Human-robot\_interaction}
}

@inproceedings{2,
	author = {Vladimir I. Pavlovic, Rajeev Sharma, Thomas S. Huang},
	title = {{Visual Interpretation of Hand Gestures for Human-Computer Interaction: A Review}},
	booktitle = {IEEE Transactions On Pattern Analysis And Machine Intelligence, Vol. 19, No. 7},
	year = {2007},
	publisher = {IEEE}
}

@inproceedings{3,
	author = {Quoc Khanh Le, Chinh Huu Pham, Thanh Ha Le},
	title = {{Road Traffic Control Gesture Recognition using Depth Images}},
	booktitle = {IEEK Transactions on Smart Processing and Computing, Vol. 1, No. 1, July 2012},
	year = {2012},
	publisher = {IEEK}
}
