
@inproceedings{123,
 author = {Max Mustermann},
 title = {{Bitte lösche diesen Eintrag und schreibe deinen eigenen Bibtex-einträge hier rein.}},
 booktitle = {ABC '99: Proceedings of the eighth international conference on ABC},
 year = {1999},
 isbn = {1-58113-146-1},
 pages = {330--334},
 location = {Kansas City, Missouri, United States},
 doi = {http://doi.acm.org/10.1145/319950.320024},
 publisher = {ACM Press},
 address = {New York, NY, USA},
 }

@article{456,
 author = {Maria Musterfrau},
 title = {{Ja, auch dieser Bibtex-Eintrag muss gelöscht werden...}},
 journal = {ACM Trans. Inf. Syst.},
 volume = {12},
 number = {1},
 year = {1994},
 issn = {1046-8188},
 pages = {92--115},
 doi = {http://doi.acm.org/10.1145/174608.174612},
 publisher = {ACM Press},
 address = {New York, NY, USA},
 }
